时间,账户,qid,委托号,代码,名称,委托价,委托量,成交价,成交量,撤单量,状态
9:30:37,msm7haiti,SJNATa31f6ecc137b4ab5a7edd4b992b79454,23,688021,,63.86,-100,0,0,0,废单
9:31:32,msm7haiti,SJNAT32ba3d7e1b624516a78a4baf99e941cb,0,2670,华声股份,11.23,-700,0,0,0,废单
9:31:55,msm7haiti,SJNAT9b8f2633a30b473693558a4a6d3fbd1e,115,688022,,33.57,-100,0,0,0,废单
9:31:58,msm7haiti,SJNATfd2901fc5ceb4ad89cf9ddc9209c2f74,120,688022,,33.57,-100,0,0,0,废单
9:32:26,msm7haiti,SJNAT9fd6527eae7b422f961c4d912cb29109,129,688022,,33.45,-100,0,0,0,废单
9:32:31,msm7haiti,SJNATebc1b9f3fefd42d3811f97aa7cd311b6,135,688022,,33.41,-100,0,0,0,废单
9:32:56,msm7haiti,SJNATd4020a1fb3e140269dfe33f74c121522,141,688022,,33.4,-100,0,0,0,废单
9:32:58,msm7haiti,SJNAT5944feb8799a4fd88bc0e855d809b473,143,688022,,33.36,-100,0,0,0,废单
9:33:02,msm7haiti,SJNAT8f3014eeb48b41c5a8273e546073e8c5,146,688022,,33.36,-100,0,0,0,废单
9:34:26,msm7haiti,SJNATd94611ba5c6248ce905cb0aca86e0035,161,688022,,33.64,-100,0,0,0,废单
9:34:31,msm7haiti,SJNATd003ecdfa64149168c32491fb5a09743,163,688022,,33.62,-100,0,0,0,废单
9:34:54,msm7haiti,SJNATa672177f6d454a239ca5975ea0d524c9,0,688116,,59.03,4500,0,0,0,废单
9:34:58,msm7haiti,SJNAT1f6fe273d05d455e95e11a4f030d0de0,173,688022,,33.42,-100,0,0,0,废单
9:35:02,msm7haiti,SJNAT8d8b86ba267f4299916ea1df19b36b40,178,688022,,33.5,-100,0,0,0,废单
9:36:27,msm7haiti,SJNATe2cb24211fdf43298432c4d612d96b43,187,688021,,63.23,-100,0,0,0,废单
9:40:55,msm7haiti,SJNAT444e449383ab4362950a014961a78fd6,224,688022,,33.96,-100,0,0,0,废单
9:40:58,msm7haiti,SJNAT16e86d2fa3d14e61b54b19890a0d393b,226,688022,,34.09,-100,0,0,0,废单
9:41:02,msm7haiti,SJNAT70bc9e77b69547b2a0262f4ca27f03c1,227,688022,,34.09,-100,0,0,0,废单
9:46:58,msm7haiti,SJNATa1167ac7f6e24d3bb06bb9ea9a55f588,273,688022,,34.42,-100,0,0,0,废单
9:30:33,msm7haiti,SJNAT32b0d3eb833e409392926c392987d564,7,603799,华友钴业,75.12,1200,0,0,1200,已撤
9:30:33,msm7haiti,SJNATc78bf61ae7e541ec860f6dc82e90e178,8,2382,蓝帆医疗,21.41,-1000,21.41,-900,100,已撤
9:30:33,msm7haiti,SJNAT5d5461c146834b599f11c22a40caa57d,10,639,西王食品,6.36,14000,0,0,14000,已撤
9:30:34,msm7haiti,SJNAT0c475383a4ba42d9af7cad8b6fe62cf3,18,300482,万孚生物,92.47,-500,0,0,500,已撤
9:30:34,msm7haiti,SJNAT60cb828e1c304819b002d5cd50c47306,14,600362,江西铜业,20.62,2300,0,0,2300,已撤
9:30:34,msm7haiti,SJNATfe7af56bd4aa496da5e7fc854d18502c,17,688030,,34,-3800,0,0,3800,已撤
9:30:35,msm7haiti,SJNAT6bc4317cb21b423cb4cc85723732d35d,16,688021,,63.86,-2200,0,0,2200,已撤
9:30:36,msm7haiti,SJNATf889092cc11340ba9da507e6fe770209,19,2074,国轩高科,37.51,1000,0,0,1000,已撤
9:30:36,msm7haiti,SJNAT7883deb749cf4b979ffc413cf5631872,20,639,西王食品,6.36,14000,0,0,14000,已撤
9:30:37,msm7haiti,SJNAT55d0eb78ac6a4e6b8fec760aa0017747,21,300482,万孚生物,92.47,-500,0,0,500,已撤
9:30:37,msm7haiti,SJNAT70e4d515606244bda996b5cc7f9d113d,22,688030,,34,-2700,0,0,2700,已撤
9:30:37,msm7haiti,SJNAT5a65a7de2af74a9ea821743b32d55329,24,601919,中国远洋,11.58,13400,0,0,13400,已撤
9:30:40,msm7haiti,SJNATdc2939cc86ad49d08856a688883240ef,27,688011,,50.88,-2500,0,0,2500,已撤
9:30:41,msm7haiti,SJNATf510f1f303fb427881589c12d709eece,30,603799,华友钴业,75.25,300,0,0,300,已撤
9:30:42,msm7haiti,SJNAT3cf3e7268cec487f8be589c23185817e,34,2812,,137.82,-1400,0,0,1400,已撤
9:30:43,msm7haiti,SJNAT6bef52889bc54e1d90693e7dce88048b,35,688011,,50.88,-1100,0,0,1100,已撤
9:30:43,msm7haiti,SJNAT6248c67b135545f0bdc4b5b874cfe9f8,36,688099,,72.92,-700,0,0,700,已撤
9:30:44,msm7haiti,SJNAT9b6a9e5a0ea346e1a8d5c41019436509,43,603799,华友钴业,75.25,100,0,0,100,已撤
9:30:46,msm7haiti,SJNAT8ec2cb02e637499698d38ee4c6adcab2,47,300296,利亚德,6.28,-29800,0,0,29800,已撤
9:30:46,msm7haiti,SJNAT38f2ca59e5134600b78c8680d0321844,48,688099,,72.92,-700,0,0,700,已撤
9:30:46,msm7haiti,SJNATa8ed3405f79543868414cd316126c390,49,688022,,33.87,-3500,0,0,3500,已撤
9:30:51,msm7haiti,SJNAT61580ca376ae4800903f7153f0327110,59,503,海虹控股,8.62,-3500,0,0,3500,已撤
9:30:51,msm7haiti,SJNAT1949a6cb3ec64543b478dfbdecc53685,62,300168,万达信息,20.77,-1400,0,0,1400,已撤
9:30:51,msm7haiti,SJNAT0f5e590b4efb46d594c03d634cab6f36,63,600075,新疆天业,5.64,-25700,5.64,-11700,14000,已撤
9:30:52,msm7haiti,SJNAT1f85f2dc4c9e45be99205c23bd4eaa2c,65,688321,,37.04,-800,37.04,-420,380,已撤
9:30:53,msm7haiti,SJNAT7e95cc5ff5f44c769d572987a484ed53,66,603799,华友钴业,75.5,2100,0,0,2100,已撤
9:30:54,msm7haiti,SJNAT13cb615588614d44808608d9a8e84336,69,2238,天威视讯,7.35,12800,7.35,6500,6300,已撤
9:30:55,msm7haiti,SJNAT5a0c285192184c388ad508f4d8c58c98,70,300168,万达信息,20.74,-2000,0,0,2000,已撤
9:30:55,msm7haiti,SJNAT51fb2c136ce44d94a2f85e8b08103353,71,600075,新疆天业,5.63,-9700,5.63,-5600,4100,已撤
9:30:56,msm7haiti,SJNAT912e823d9baf43f1bdaf12905223ef81,72,2238,天威视讯,7.33,12800,0,0,12800,已撤
9:30:58,msm7haiti,SJNAT0b36de8327bc4adabcb43911e026d2c9,78,688015,,37.25,-1700,0,0,1700,已撤
9:31:00,msm7haiti,SJNAT2cb482a3d4264dc1b5e0976b039e50e1,81,600395,盘江股份,8.5,24000,0,0,24000,已撤
9:31:01,msm7haiti,SJNATeab7cd26e5b14a9da990bc2966d9aee0,84,300482,万孚生物,91.92,-1000,0,0,1000,已撤
9:31:01,msm7haiti,SJNAT13ed74c7b9024eefa6478b2cdc706736,85,688015,,37.24,-1700,0,0,1700,已撤
9:31:26,msm7haiti,SJNAT1df06fd4c01042bb83b195a26ecf625c,103,688288,,35.71,-2100,0,0,2100,已撤
9:31:29,msm7haiti,SJNAT56ac514039274a519573a514c4d11a99,105,503,海虹控股,8.61,-8800,0,0,8800,已撤
9:31:30,msm7haiti,SJNATa3e99b4686ac46a8b4364db5b27beb58,107,300122,智飞生物,154.79,-1600,154.79,-300,1300,已撤
9:31:32,msm7haiti,SJNATce1981ed882c4a9687341569a927e71d,111,300274,阳光电源,73.49,-1000,0,0,1000,已撤
9:31:57,msm7haiti,SJNAT3c80c565fe5a46ddb7b9b02d3254e74d,117,2085,万丰奥威,6.46,26000,0,0,26000,已撤
9:31:58,msm7haiti,SJNAT52ae11274329497aaa12f011970fef0b,119,688288,,35.68,-2100,0,0,2100,已撤
9:32:02,msm7haiti,SJNAT3090238ceff54152a100e1019e0c1f16,125,688068,,39.21,-1400,0,0,1400,已撤
9:32:26,msm7haiti,SJNATf279198dabef499f807d2ecd9f475fa2,130,688021,,63.3,-2500,0,0,2500,已撤
9:33:58,msm7haiti,SJNATd247ccad9c51491dbd56a15b239e9b76,153,300251,光线传媒,10.97,-100,0,0,100,已撤
9:33:59,msm7haiti,SJNAT4323be3c141f4462b3a1ae44b78b30b4,155,603678,火炬电子,65.06,-3600,0,0,3600,已撤
9:34:26,msm7haiti,SJNAT8906364b5fb0452d92c92373e172db5b,160,688099,,73.39,-700,0,0,700,已撤
9:34:26,msm7haiti,SJNAT74c92315fc6849f199cbbecfe7873e82,162,688021,,63.29,-600,0,0,600,已撤
9:34:32,msm7haiti,SJNAT40564eb86fae4253a8dad569401bd4b6,165,603678,火炬电子,64.8,-3500,0,0,3500,已撤
9:34:55,msm7haiti,SJNAT946468bcf2eb43baa830a2dbe5c1b0f8,168,688021,,63.06,-2500,0,0,2500,已撤
9:34:55,msm7haiti,SJNATfad2b77a3e204218959c4bf1d796ab95,169,688099,,73.32,-800,0,0,800,已撤
9:35:01,msm7haiti,SJNAT72bfd247f50440a488ff5ab9024fdece,176,688011,,51.84,-600,0,0,600,已撤
9:35:56,msm7haiti,SJNAT7ad315dbb3d14c9d8fab15aa78620e03,181,725,京东方A,5.62,-40000,0,0,40000,已撤
9:35:56,msm7haiti,SJNAT799e75abd6a5473f8c21c866a8a361e0,182,157,中联重科,9.54,21200,0,0,21200,已撤
9:36:26,msm7haiti,SJNAT12823f9317674a579915c974a2b74486,186,157,中联重科,9.54,21200,0,0,21200,已撤
9:36:32,msm7haiti,SJNAT21db5c066de54b84aa6a5da416143b7e,188,300496,中科创达,104.44,1500,0,0,1500,已撤
9:36:56,msm7haiti,SJNAT47a3ef067a504d198a050c5476616248,192,601899,紫金矿业,9.35,24000,0,0,24000,已撤
9:37:02,msm7haiti,SJNATec314f04e22b4274bd24b8be827a9c38,198,688021,,63.87,-500,0,0,500,已撤
9:37:26,msm7haiti,SJNATd3f0ec1028484816a0c1e333b93ce425,199,688099,,72.55,400,0,0,400,已撤
9:37:58,msm7haiti,SJNAT976fcb28a03c4f3ba9d91b113615199c,205,688288,,35.45,-2500,0,0,2500,已撤
9:38:33,msm7haiti,SJNATb76eeae768604838b403e119d2aaec1e,208,688021,,63.76,-600,0,0,600,已撤
9:38:54,msm7haiti,SJNAT8194ebe3059d4002acde2dd8df27ede2,209,688068,,38.62,1400,0,0,1400,已撤
9:38:56,msm7haiti,SJNAT25cdb41027f74f3b8e60800b6702990d,210,2294,信立泰,29.17,800,0,0,800,已撤
9:39:32,msm7haiti,SJNATa4c3b73cf7ad486ba4b1336f4d33411d,216,688068,,38.65,300,0,0,300,已撤
9:40:31,msm7haiti,SJNAT3355e250db014972a0e6a481735025ef,222,600733,S前锋,8.98,-24200,8.98,-17800,6400,已撤
9:41:02,msm7haiti,SJNATe9e64d12a8544b07894be1c45ee0b10b,228,603678,火炬电子,65.26,-1100,0,0,1100,已撤
9:41:54,msm7haiti,SJNAT6cd97aeb2c8747a7834135b2cc6409b9,231,688300,,45.55,-800,0,0,800,已撤
9:41:58,msm7haiti,SJNAT8987b8fd678a4c24b5c0cbbb423b24b3,232,688288,,35.79,-1400,0,0,1400,已撤
9:42:24,msm7haiti,SJNAT75cd5ce9afcc4d3598ef616588bf9258,235,688196,,63.22,1700,0,0,1700,已撤
9:43:26,msm7haiti,SJNAT65f33bd0326a442ba7767b05d05c5f13,240,688389,,21,1800,0,0,1800,已撤
9:44:54,msm7haiti,SJNATe3c7fc299e9f438fb92546ad3d049c03,245,688030,,32.63,400,0,0,400,已撤
9:44:55,msm7haiti,SJNAT2499985e1e734d4a93a4715cf515976a,247,2294,信立泰,29.36,1600,0,0,1600,已撤
9:45:28,msm7haiti,SJNAT4e3b83f5573548d89d5de8c73c64308f,251,503,海虹控股,8.54,-6100,0,0,6100,已撤
9:45:55,msm7haiti,SJNAT005bdc84eae44ae0ac24f2a0c6fc38fd,255,688022,,33.92,900,0,0,900,已撤
9:46:00,msm7haiti,SJNATa2ede3187dcf478683661f71fec153e9,259,688022,,34.06,1300,34.05305,656,644,已撤
9:46:32,msm7haiti,SJNAT56e1cf84aa6f4b4489edd0a68f071bb7,267,688068,,39.59,-600,0,0,600,已撤
9:46:55,msm7haiti,SJNATe2a852c807fa41f0934defcb975569a8,270,688068,,39.42,700,0,0,700,已撤
9:30:33,msm7haiti,SJNAT90e1141f913b4f478cced7f1619e6298,4,688108,,13.6,-900,13.6,-900,0,已成
9:30:33,msm7haiti,SJNAT4387326769fc4a45b0bd0cdddd107af0,5,2466,天齐锂业,38.06,4100,38.06,4100,0,已成
9:30:33,msm7haiti,SJNATd1ecbf36217e41b6842225246865c8e7,6,600733,S前锋,8.88,24200,8.88,24200,0,已成
9:30:33,msm7haiti,SJNATbe8d279aa7af41098a7bec4cabe68332,9,625,长安汽车,21.82,4600,21.80913,4600,0,已成
9:30:33,msm7haiti,SJNAT0af8a5aa8beb4c848660a5e672746d87,13,2460,赣锋锂业,107.51,200,107.4,200,0,已成
9:30:33,msm7haiti,SJNATe3ad5398f1d1407da78b46551adf722f,11,2670,华声股份,11.24,700,11.24,700,0,已成
9:30:33,msm7haiti,SJNAT8ae23aab66a54d61823e3147e598b9bf,12,601238,广汽集团,13.05,-1000,13.05,-1000,0,已成
9:30:33,msm7haiti,SJNAT788171b7e44c437daf4f9db116d16706,15,300274,阳光电源,73.66,1000,73.573,1000,0,已成
9:30:39,msm7haiti,SJNAT0b0ca98054f147fd80361d509d6db603,26,300482,万孚生物,92.02,-1200,92.02,-1200,0,已成
9:30:44,msm7haiti,SJNAT587581188afa43f7823819b42341dd74,44,830,鲁西化工,13.24,5100,13.24,5100,0,已成
9:30:45,msm7haiti,SJNATbfb32b77c2074d5aa86a015bfee8c712,46,2085,万丰奥威,6.42,-26000,6.42,-26000,0,已成
9:30:47,msm7haiti,SJNAT298c9e8fbd1e4e63a704735c68622d11,50,830,鲁西化工,13.27,8800,13.24341,8800,0,已成
9:30:48,msm7haiti,SJNATb38c8d87e7554200b5c981d65d5dccb0,55,503,海虹控股,8.6,-11400,8.6,-11400,0,已成
9:30:48,msm7haiti,SJNATa39a1dbcc4ac44449ca8c41c28a14a13,56,600531,豫光金铅,6.06,36000,6.06,36000,0,已成
9:30:48,msm7haiti,SJNATa91f7a9a63c84e4a96ea80341c796039,57,600884,杉杉股份,18.79,10800,18.79,10800,0,已成
9:30:49,msm7haiti,SJNAT46b8758c2ad4470995e9620083635b0b,58,688099,,72.79,-900,72.79,-900,0,已成
9:30:51,msm7haiti,SJNAT50531b951b9a4ba4b82d0d5206f1ba7d,60,2382,蓝帆医疗,21.39,-100,21.39,-100,0,已成
9:30:54,msm7haiti,SJNAT73f1f00524fd46d8ad14053b6f5955ee,68,300357,我武生物,75.24,-300,75.24,-300,0,已成
9:30:57,msm7haiti,SJNAT0f84b2df37424ae0a040c4c2db910d3d,74,600362,江西铜业,20.67,2300,20.63,2300,0,已成
9:30:58,msm7haiti,SJNAT5f00197665954b12a3d4d344b93599be,79,688030,,33.87,-1100,33.88991,-1100,0,已成
9:30:58,msm7haiti,SJNATb60847c95ec64f6b9aec4bc8e975a769,80,2074,国轩高科,37.72,1000,37.72,1000,0,已成
9:31:00,msm7haiti,SJNATb125b5939a0240c8aa972e8238d57af2,82,300168,万达信息,20.7,-1400,20.70857,-1400,0,已成
9:31:01,msm7haiti,SJNAT39005025dca847db97298cebccf7f70e,86,688030,,33.85,-5400,33.88,-5400,0,已成
9:31:28,msm7haiti,SJNAT6f5e0067c5b74f0b9369445f3cf902dd,104,813,天山纺织,4.72,33000,4.72,33000,0,已成
9:31:30,msm7haiti,SJNAT8978d22587a0413897e227f21e247de3,106,601919,中国远洋,11.52,13400,11.52,13400,0,已成
9:31:31,msm7haiti,SJNATb14e5de937d545f3ab8c7190ed64abaf,108,688022,,33.58,-3400,33.58,-3400,0,已成
9:31:56,msm7haiti,SJNAT0121fa63bbfd474295e1fddb8a92cdb2,116,300122,智飞生物,154.49,-500,154.49,-500,0,已成
9:31:57,msm7haiti,SJNATb0b9abf9d31c4083995d33eb356d7604,118,603799,华友钴业,75.58,2800,75.58,2800,0,已成
9:31:59,msm7haiti,SJNATb4191bcb285742eaabd0b970ec79cafe,121,2812,,138.17,-300,138.17,-300,0,已成
9:32:01,msm7haiti,SJNAT04398da3fe5049aebfcd4c2e5e6914ba,122,2812,,138.17,-300,138.17,-300,0,已成
9:32:01,msm7haiti,SJNATd878638aa84a4093b754dd4c2613bd5b,123,300122,智飞生物,154.35,-800,154.35,-800,0,已成
9:32:01,msm7haiti,SJNATc6c2e1585fe6435c8ff89c6859c85bee,124,300482,万孚生物,91.82,-500,91.832,-500,0,已成
9:32:30,msm7haiti,SJNAT0ba14a3804e0433092b7cfc78a96d8f0,132,300482,万孚生物,91.94,-500,92.06,-500,0,已成
9:32:31,msm7haiti,SJNAT5f41cf94103746a785fe5aebd304b749,133,2214,大立科技,28.06,-900,28.06,-900,0,已成
9:32:31,msm7haiti,SJNATcefff8a157e64e52a909a2655f4eb8d6,134,600531,豫光金铅,6.09,-16500,6.1,-16500,0,已成
9:32:31,msm7haiti,SJNATcb323b70388540e08da533175551c22f,136,688288,,35.43,-1200,35.45336,-1200,0,已成
9:32:32,msm7haiti,SJNAT23e88fa0da864074adc009c30bd41a60,137,300296,利亚德,6.23,-29800,6.23,-29800,0,已成
9:32:33,msm7haiti,SJNAT94003b0fae4d4a5d9dea5562f3947806,139,2238,天威视讯,7.38,22800,7.38,22800,0,已成
9:32:54,msm7haiti,SJNAT8890a75762294871830a9b507366b5a1,140,600531,豫光金铅,6.09,-17700,6.09,-17700,0,已成
9:32:56,msm7haiti,SJNAT3f5b48857b61454ba0eaa6dca65aed82,142,768,中航飞机,33.52,-1300,33.52,-1300,0,已成
9:32:59,msm7haiti,SJNATb49e29b5fcb742cd937eca99a0c83ebf,144,768,中航飞机,33.51,-700,33.51571,-700,0,已成
9:33:00,msm7haiti,SJNAT09f985b59b47440c960160922febd24f,145,600395,盘江股份,8.62,16100,8.62,16100,0,已成
9:33:28,msm7haiti,SJNAT0b9fcc1bc6af46bf9526eb46edc08f2a,149,2460,赣锋锂业,107.43,-200,107.43,-200,0,已成
9:33:29,msm7haiti,SJNATa4ead9ba999b4bd7942bf6692806b740,150,600395,盘江股份,8.62,7900,8.62,7900,0,已成
9:33:54,msm7haiti,SJNAT0fd97e13cfd54b6ca8f2da05c0411121,152,688116,,58.49,-700,58.49,-700,0,已成
9:33:59,msm7haiti,SJNAT29072fb549c546f9b4c4272f1cd0bdab,154,2812,,138.47,-800,138.47,-800,0,已成
9:34:00,msm7haiti,SJNATfc615ba052d24f1e87de5761835ee956,156,600884,杉杉股份,19.07,-10800,19.07,-10800,0,已成
9:34:02,msm7haiti,SJNATcbc0490d122e4929aa344091c82c1e61,157,688116,,58.98,-3400,58.98,-3400,0,已成
9:34:57,msm7haiti,SJNAT00c9f5534154424d92793868568a4765,170,2214,大立科技,27.96,-1400,27.96,-1400,0,已成
9:34:57,msm7haiti,SJNATcb5636c7686f4693bb56f52e61757e1f,171,601919,中国远洋,11.82,-13400,11.82,-13400,0,已成
9:35:02,msm7haiti,SJNATa8c7feb60f104bee9dc141bb3df85678,177,300482,万孚生物,90.25,400,90.16,400,0,已成
9:35:02,msm7haiti,SJNAT74a6a92d5d194827af774427d970ee6d,179,2238,天威视讯,7.4,-29300,7.42,-29300,0,已成
9:35:26,msm7haiti,SJNAT8c1e7201dd4843119ed0332c2c681ce4,180,688116,,59.18,-400,59.5,-400,0,已成
9:36:34,msm7haiti,SJNAT6aa4d744fa5c4e55819b65e04f61755c,190,688099,,72.83,500,72.83,500,0,已成
9:36:56,msm7haiti,SJNATc6020b6545074972a22dad5ce87d0ce5,193,157,中联重科,9.51,21200,9.51,21200,0,已成
9:36:57,msm7haiti,SJNAT4f43dc2eec364bd4a5da1b988239ad63,194,2214,大立科技,27.88,2300,27.83,2300,0,已成
9:37:01,msm7haiti,SJNATec557c68f9a04f8b96ccf66f6dc1542f,196,688021,,63.28,-200,63.38,-200,0,已成
9:37:02,msm7haiti,SJNATc50eafdd016e4a4cafb8c179a4ad1445,197,688011,,51.9,-3200,51.94294,-3200,0,已成
9:37:30,msm7haiti,SJNAT51acfed945854bc3b73c1aa6f6339cbe,202,830,鲁西化工,13.14,-8800,13.14,-8800,0,已成
9:37:58,msm7haiti,SJNATb8e7fedfecaf4e608fe3364bf921eb4e,204,688011,,52.49,-400,52.56,-400,0,已成
9:38:32,msm7haiti,SJNATb37a99662bc447a3aa98250d7031e574,207,688288,,35.29,-2200,35.3,-2200,0,已成
9:39:02,msm7haiti,SJNAT94d84e5c3e414498b01528218ee6fa54,211,600531,豫光金铅,6.11,-1800,6.11,-1800,0,已成
9:39:29,msm7haiti,SJNAT8957908672c64a7da6dc3fe5f4887355,214,603799,华友钴业,76.97,-2800,76.97,-2800,0,已成
9:39:29,msm7haiti,AT431e343ca44e40b49949fb8dc3318049,215,813,天山纺织,4.4,-33000,4.4,-33000,0,已成
9:39:56,msm7haiti,SJNAT07acc5735911414fb7f73de12546ac88,218,725,京东方A,5.62,-40000,5.62,-40000,0,已成
9:40:26,msm7haiti,SJNATbdf13695b9be4da99251b231dc103c83,221,688099,,72.57,200,72.54,200,0,已成
9:40:56,msm7haiti,SJNAT362758334ec4406fbb1ef6bae5217304,225,600733,S前锋,8.94,-6400,8.94,-6400,0,已成
9:41:31,msm7haiti,SJNAT39a488cd17ca4fbfb2c25fb8cfc767ff,229,688099,,72.42,200,72.3925,200,0,已成
9:42:29,msm7haiti,SJNAT33bc14cabb0d41818d9e7b3c116cc2cf,236,688108,,13.89,900,13.88,900,0,已成
9:42:58,msm7haiti,SJNAT863c8b34228a4ae097cd9365f5351e5a,238,688068,,39.27,700,39.24572,700,0,已成
9:43:30,msm7haiti,SJNATde7ad971c0424100a55accba5a0983e8,241,688196,,62.93,1700,62.90963,1700,0,已成
9:43:54,msm7haiti,SJNAT2794b5ce6ea948069ff73becc5116297,243,688196,,63.02,1600,62.975,1600,0,已成
9:44:31,msm7haiti,SJNATee8e5ee83c57459a8875e577c4a54a70,244,300326,凯利泰,15.89,-13400,15.89,-13400,0,已成
9:44:54,msm7haiti,SJNATc483ee3f374747559cc0a9c4269c64fc,246,688099,,71.97,1400,71.97,1400,0,已成
9:45:29,msm7haiti,SJNATb748eb947f564c9ca96308b093c4642a,252,2074,国轩高科,38.42,-1000,38.42,-1000,0,已成
9:45:30,msm7haiti,SJNAT2f59972c99a3482cba671fd6a7a06b5c,253,2466,天齐锂业,39.37,-4100,39.37,-4100,0,已成
9:45:58,msm7haiti,SJNAT316505ab73f54638ace3230f857eceb9,256,600804,鹏博士,6.57,-21100,6.57,-21100,0,已成
9:45:59,msm7haiti,SJNAT2439ed2b7f5a4e3f9afb952782c2c617,257,300134,大富科技,9.67,-12200,9.67,-12200,0,已成
9:45:59,msm7haiti,SJNAT1045861bb75b4a20950fa49b8e7f717c,258,503,海虹控股,8.53,-6500,8.53,-6500,0,已成
9:46:02,msm7haiti,SJNATf5c9e7cdbe3444cc80679048acb3969d,261,688099,,71.78,-600,71.78,-600,0,已成
9:46:27,msm7haiti,SJNAT4a3ffd548e4b4d5391cb3320d62842f1,264,503,海虹控股,8.53,-2300,8.53,-2300,0,已成
9:46:29,msm7haiti,SJNAT0e99778207dc4471abbbaa6bbddb6591,265,2202,金风科技,14.44,-1000,14.461,-1000,0,已成
9:46:31,msm7haiti,SJNAT9402c44b8cfc45af893545b86b9588f7,266,688015,,36.58,-800,36.61,-800,0,已成
9:46:33,msm7haiti,SJNAT5fcbe43c7b4f4c708f1cfa149e250dbc,268,688015,,36.58,-800,36.5869,-800,0,已成
9:46:58,msm7haiti,SJNATd69fe3e4f6bb4392bf2982ee504c2a9b,272,688011,,52.99,400,52.99,400,0,已成
9:47:02,msm7haiti,SJNAT7511c9e06cbe4b45b10ef01f231eabc1,275,688011,,53.02,500,53.02,500,0,已成
9:47:54,msm7haiti,SJNAT0a583e1296794e69b39d819ab3daa231,277,688011,,53.21,2400,53.18,2400,0,已成
